<?xml version="1.0" encoding="UTF-8"?><collection xmlns="http://www.loc.gov/MARC21/slim"><record><leader>00567nam--2200193-u-4500</leader><controlfield tag="001">000053949</controlfield><controlfield tag="002">20161230</controlfield><controlfield tag="005">20161230201051</controlfield><controlfield tag="008">110725s1000------------r-----000-0-rus-d</controlfield><datafield ind1=" " ind2=" " tag="040"><subfield code="a">IFIN-HH</subfield></datafield><datafield ind1=" " ind2=" " tag="041"><subfield code="a">rus</subfield></datafield><datafield ind1=" " ind2=" " tag="080"><subfield code="a">53711.322:621.315.59</subfield></datafield><datafield ind1="1" ind2=" " tag="100"><subfield code="a">Zuev, V.A</subfield></datafield><datafield ind1="1" ind2="0" tag="245"><subfield code="a">Neravnovesnie pripoverhnostnie protessi v poluprovodnikah i poluprovodnikovih priborah</subfield><subfield code="c">V.a. zuev, a.v. saceenko, k.b. tolpigo</subfield></datafield><datafield ind1=" " ind2=" " tag="260"><subfield code="a">Moskva</subfield><subfield code="b">Sovetskoe Radio</subfield><subfield code="c">1977</subfield></datafield><datafield ind1=" " ind2=" " tag="300"><subfield code="a">256P</subfield></datafield><datafield ind1="1" ind2=" " tag="700"><subfield code="a">Tolpigo, K.B</subfield></datafield><datafield ind1=" " ind2=" " tag="852"><subfield code="a">45821</subfield><subfield code="c">537.311.33</subfield></datafield><datafield ind1=" " ind2=" " tag="CAT"><subfield code="a">Sys</subfield><subfield code="c">20110725</subfield><subfield code="h">124639</subfield></datafield></record></collection>